<record><leader>00000cas a22000007a 4500</leader><controlfield tag="001">10819541</controlfield><controlfield tag="008">840608d17981806njuwr ne      0    0eng  </controlfield><datafield ind1=" " ind2=" " tag="010"><subfield code="a">sn 84020464 </subfield></datafield><datafield ind1=" " ind2=" " tag="040"><subfield code="a">DLC</subfield><subfield code="b">eng</subfield><subfield code="c">DLC</subfield><subfield code="d">NPX</subfield><subfield code="d">NPA</subfield><subfield code="d">NJW</subfield><subfield code="d">DLC</subfield><subfield code="d">NJW</subfield><subfield code="d">MGN</subfield><subfield code="d">DLC</subfield><subfield code="d">OCLCG</subfield><subfield code="d">KRTAS</subfield><subfield code="d">OCLCO</subfield><subfield code="d">OCLCA</subfield><subfield code="d">OCLCQ</subfield><subfield code="d">OCLCA</subfield></datafield><datafield ind1=" " ind2=" " tag="042"><subfield code="a">msc</subfield></datafield><datafield ind1="0" ind2="0" tag="050"><subfield code="a">Newspaper</subfield></datafield><datafield ind1="0" ind2=" " tag="130"><subfield code="a">Genius of liberty (Morristown, N.J. : 1798)</subfield></datafield><datafield ind1="1" ind2="4" tag="245"><subfield code="a">The genius of liberty.</subfield></datafield><datafield ind1=" " ind2=" " tag="260"><subfield code="a">Morris-Town [N.J.] :</subfield><subfield code="b">Jacob Mann,</subfield><subfield code="c">1798-</subfield></datafield><datafield ind1=" " ind2=" " tag="300"><subfield code="a">volumes ;</subfield><subfield code="c">68 cm</subfield></datafield><datafield ind1=" " ind2=" " tag="310"><subfield code="a">Weekly</subfield></datafield><datafield ind1=" " ind2=" " tag="336"><subfield code="a">text</subfield><subfield code="b">txt</subfield><subfield code="2">rdacontent</subfield></datafield><datafield ind1=" " ind2=" " tag="337"><subfield code="a">unmediated</subfield><subfield code="b">n</subfield><subfield code="2">rdamedia</subfield></datafield><datafield ind1=" " ind2=" " tag="338"><subfield code="a">volume</subfield><subfield code="b">nc</subfield><subfield code="2">rdacarrier</subfield></datafield><datafield ind1="0" ind2=" " tag="362"><subfield code="a">Vol. 1, no. 1 (May 24, 1798)-</subfield></datafield><datafield ind1="1" ind2=" " tag="362"><subfield code="a">Ceased in 1806.</subfield></datafield><datafield ind1=" " ind2=" " tag="500"><subfield code="a">Publishers: Jacob Mann, 1798-1801; Henry P. Russell, 1801-1806.</subfield></datafield><datafield ind1="1" ind2=" " tag="700"><subfield code="a">Mann, Jacob,</subfield><subfield code="d">1774 or 1775-1843.</subfield></datafield><datafield ind1="1" ind2=" " tag="700"><subfield code="a">Russell, Henry P.,</subfield><subfield code="d">1777?-1822.</subfield></datafield><datafield ind1=" " ind2=" " tag="752"><subfield code="a">United States</subfield><subfield code="b">New Jersey</subfield><subfield code="c">Morris</subfield><subfield code="d">Morristown.</subfield></datafield><datafield ind1="0" ind2="0" tag="780"><subfield code="t">Morris County gazette</subfield><subfield code="w">(DLC)sn 83020934</subfield><subfield code="w">(OCoLC)9690321</subfield></datafield><datafield ind1="0" ind2="0" tag="785"><subfield code="t">Genius of liberty and Morris advertiser</subfield><subfield code="w">(DLC)sn 84025703</subfield><subfield code="w">(OCoLC)10293627</subfield></datafield><datafield ind1=" " ind2=" " tag="938"><subfield code="a">Kirtas Technologies, Inc.</subfield><subfield code="b">KRTS</subfield><subfield code="n">738491</subfield></datafield><datafield ind1="1" ind2=" " tag="029"><subfield code="a">AU@</subfield><subfield code="b">000025810662</subfield></datafield></record>